@misc{TamanhoIndustriaGames,
  title = {O tamanho da indústria dos vídeo games},
  author = {Wikerson Landim},
  year = 2011,
  url = {http://www.tecmundo.com.br/video-game/9708-o-tamanho-da-industria-dos-video-games-infografico-.htm},
  urlaccessdate = {02/09/2011}
}

@article{WiiWillRockYou,
  title = {Wii Will Rock You:Nintendo Wii e as relações entre interatividade e corpo nos videogames},
  author = {Letícia Perani and Renato Teixeira Bressan},
  journal = {VI Simpósio Brasileiro de Jogos para Computador e Entretenimento Digital},
  publisher = {SBGames},
  year = 2007,
  address = {São Leopoldo}
}

@book{DesignGames,
  title = {Design de Games},
  subtitle = {Uma abordagem prática},
  author = {Paul Schuytema},
  publisher = {Cengage Learning},
  year = 2008
  address = {São Paulo}
}

@misc{ESA,
  title = {Essential Facts About the Computer and Video Game Industry},
  author = {Entertaiment Software Association},
  year = 2011,
  url = {http://www.theesa.com/facts/gameplayer.asp},
  urlaccessdate = {18/09/2011}
}

@book{Blender3D,
  title = {Blender3D},
  subtitle = {Guia do Usuário},
  author = {Allan Brito},
  publisher = {Novatec},
  year = 2010,
  address = {São Paulo}
}

@misc{InsideKinect,
  title = {Inside the Kinect Hardware},
  author = {Davie Marshall},
  year = 2010,
  url = {http://www.trueachievements.com/n2124/inside-the-kinect-hardware.htm},
  urlaccessdate = {23/09/2011}
}

@book{LearningOpenCV,
  title = {Learning OpenCV},
  subtitle = {Computer vision with the opencv library},
  author = {Gary Bradski and Adrian Kaehler},
  publisher = {O'RELLY},
  year = 2008
  address = {United States of America}
}

@misc{MotionGamingReview,
  title = {Motion gaming review: Xbox vs. Wii vs. PS3 },
  author = {Robert Workman},
  year = 2010,
  url = {http://www.msnbc.msn.com/id/37911691/ns/technology_and_science-games/t/motion-gaming-review-xbox-vs-wii-vs-ps/#.Tn0cA6jGDSM},
  urlaccessdate = {20/09/2011}
}

@misc{DeteccaoInterface,
    title = {Detecção de usuário e estimação de posição para interface com realidade virtual},
    author = {Thacio Garcia Scandaroli and Douglas David Melo},
    school = "Faculdade de Tecnologia",
    year = {2009},
    address = {Brasilía/DF}
}

